@misc{simulator,
  author       = {Ahmed, Shaikh S},
  howpublished = {\url{https://nanohub.org/resources/nanossl}},
  title        = {Nanoscale Solid-State Lighting Device Simulator},
  year         = {2019}
}