@book{textbook,
    author    = "Lathi",
    title     = "Signal Processing and Linear Systems",
    year      = "1998",
    publisher = "Berkeley-Cambridge Press",
    address   = "Carmichael, CA"
}
