@misc{sim,
  author       = {Mukherjee, Samik, et al.},
  howpublished = {\url{https://nanohub.org/resources/bandstrlab}},
  title        = {Band Structure Lab},
  year         = {2022}
}
