@misc{sim,
  author       = {Vasileska, Dragica, et al.},
  howpublished = {\url{https://nanohub.org/resources/pntoy}},
  title        = {PN Junction Lab},
  year         = {2014}
}
