@misc{sim,
  author       = {Vasileska, Dragica, et al.},
  howpublished = {\url{https://nanohub.org/resources/schred}},
  title        = {Schred},
  year         = {2022}
}
